@misc{wiki:uno,
   author = "{Wikipedia contributors}",
   title = "Balance Puzzle --- {W}ikipedia{,} The Free Encyclopedia",
   year = "2020",
   url = "https://en.wikipedia.org/wiki/Uno_(card_game)",
   note = "[Online; accessed 31-December-2020]"
}

@misc{mattel,
   author = "{Mattel games}",
   title = "UNO instruction sheet",
   year = "2020",
   url = "https://service.mattel.com/instruction_sheets/42001pr.pdf",
   note = "[Online; accessed 31-December-2020]"
}

@article{mnih2015human,
  title={Human-level control through deep reinforcement learning},
  author={Mnih, Volodymyr and Kavukcuoglu, Koray and Silver, David and Rusu, Andrei A and Veness, Joel and Bellemare, Marc G and Graves, Alex and Riedmiller, Martin and Fidjeland, Andreas K and Ostrovski, Georg and others},
  journal={nature},
  volume={518},
  number={7540},
  pages={529--533},
  year={2015},
  publisher={Nature Publishing Group}
}

@book{chaslot2010monte,
  title={Monte-carlo tree search},
  author={Chaslot, Guillaume Maurice Jean-Bernard Chaslot},
  year={2010},
  publisher={Maastricht University}
}

@article{cowling2012information,
  title={Information set monte carlo tree search},
  author={Cowling, Peter I and Powley, Edward J and Whitehouse, Daniel},
  journal={IEEE Transactions on Computational Intelligence and AI in Games},
  volume={4},
  number={2},
  pages={120--143},
  year={2012},
  publisher={IEEE}
}

@article{zha2019rlcard,
  title={RLCard: A Toolkit for Reinforcement Learning in Card Games},
  author={Zha, Daochen and Lai, Kwei-Herng and Cao, Yuanpu and Huang, Songyi and Wei, Ruzhe and Guo, Junyu and Hu, Xia},
  journal={arXiv preprint arXiv:1910.04376},
  year={2019}
}

@book{olivia2020winning,
  title={Winning Uno With Reinforcement Learning},
  author={Olivia Brown, Diego Jasson, and Ankush Swarnakar},
  year={2020},
  publisher={Stanford University}
}
